@article{carugati2016parallelization,
  title={The Parallelization and Optimization of the N-Body Problem using OpenMP and OpenMPI},
  author={Carugati, Nicholas J},
  year={2016}
}

@article{damgov2002n,
  title={N-body gravitational interactions: a general view and some heuristic problems},
  author={Damgov, V and Gotchev, D and Spedicato, E and Del Popolo, A},
  journal={arXiv preprint astro-ph/0208373},
  year={2002}
}

